[{"amount":"25","date":1383436379,"price":"16.5","tid":12001,"type":"sell"},{"amount":"40","date":1383436379,"price":"16.5","tid":12003,"type":"sell"},{"amount":"434","date":1383436379,"price":"16.5","tid":12005,"type":"sell"},{"amount":"0.1","date":1383436380,"price":"16.5","tid":12007,"type":"sell"},{"amount":"435.9","date":1383436399,"price":"16.5","tid":12009,"type":"sell"},{"amount":"0.56","date":1383436414,"price":"16.5","tid":12011,"type":"sell"},{"amount":"15.8","date":1383436427,"price":"16.6","tid":12013,"type":"sell"},{"amount":"38.9","date":1383436428,"price":"16.6","tid":12015,"type":"sell"},{"amount":"0.1","date":1383436480,"price":"16.7","tid":12017,"type":"sell"},{"amount":"49.9","date":1383436480,"price":"16.7","tid":12019,"type":"sell"},{"amount":"0.1","date":1383436524,"price":"16.98","tid":12021,"type":"sell"},{"amount":"500","date":1383436697,"price":"16.5","tid":12023,"type":"buy"},{"amount":"0.1","date":1383436727,"price":"16.8","tid":12025,"type":"sell"},{"amount":"50","date":1383436857,"price":"16.5","tid":12027,"type":"buy"},{"amount":"0.1","date":1383436876,"price":"16.7","tid":12029,"type":"sell"},{"amount":"0.4","date":1383436962,"price":"16.7","tid":12031,"type":"sell"},{"amount":"0.1","date":1383436962,"price":"16.96","tid":12033,"type":"sell"},{"amount":"10","date":1383437047,"price":"16.5","tid":12035,"type":"buy"},{"amount":"0.1","date":1383437076,"price":"16.94","tid":12037,"type":"sell"},{"amount":"500","date":1383437135,"price":"16.62","tid":12039,"type":"buy"},{"amount":"0.1","date":1383437218,"price":"16.94","tid":12041,"type":"sell"},{"amount":"5","date":1383437243,"price":"16.75","tid":12043,"type":"buy"},{"amount":"5","date":1383437254,"price":"16.8","tid":12045,"type":"sell"},{"amount":"1.6","date":1383437301,"price":"16.8","tid":12047,"type":"sell"},{"amount":"6.5","date":1383437386,"price":"16.86","tid":12049,"type":"sell"},{"amount":"5","date":1383437396,"price":"16.75","tid":12051,"type":"buy"},{"amount":"10","date":1383437396,"price":"16.75","tid":12053,"type":"sell"},{"amount":"0.15","date":1383437400,"price":"16.86","tid":12055,"type":"sell"},{"amount":"2.297","date":1383437489,"price":"16.8","tid":12057,"type":"buy"},{"amount":"10","date":1383437492,"price":"16.75","tid":12059,"type":"buy"},{"amount":"80","date":1383437552,"price":"16.75","tid":12061,"type":"sell"},{"amount":"10","date":1383437553,"price":"16.75","tid":12063,"type":"sell"},{"amount":"15","date":1383437553,"price":"16.75","tid":12065,"type":"sell"},{"amount":"4.203","date":1383437717,"price":"16.7","tid":12067,"type":"buy"},{"amount":"33.371","date":1383437755,"price":"16.7","tid":12069,"type":"sell"},{"amount":"12.426","date":1383437932,"price":"16.7","tid":12071,"type":"sell"},{"amount":"88.574","date":1383437932,"price":"16.7","tid":12073,"type":"sell"},{"amount":"22.668","date":1383438203,"price":"16.71","tid":12075,"type":"sell"},{"amount":"27.332","date":1383438354,"price":"16.71","tid":12077,"type":"sell"},{"amount":"45","date":1383438354,"price":"16.71","tid":12079,"type":"sell"},{"amount":"29.668","date":1383438354,"price":"16.71","tid":12081,"type":"sell"},{"amount":"0.779","date":1383438441,"price":"16.71","tid":12083,"type":"sell"},{"amount":"99.221","date":1383438441,"price":"16.7","tid":12085,"type":"buy"},{"amount":"0.779","date":1383438499,"price":"16.7","tid":12087,"type":"sell"},{"amount":"0.1","date":1383438532,"price":"16.62","tid":12089,"type":"buy"},{"amount":"0.221","date":1383438546,"price":"16.7","tid":12091,"type":"sell"},{"amount":"10","date":1383438638,"price":"16.7","tid":12093,"type":"sell"},{"amount":"0.1","date":1383438657,"price":"16.75","tid":12095,"type":"sell"},{"amount":"7","date":1383438831,"price":"16.75","tid":12097,"type":"sell"},{"amount":"30","date":1383438869,"price":"16.72","tid":12099,"type":"buy"},{"amount":"181.474","date":1383438889,"price":"16.75","tid":12101,"type":"sell"},{"amount":"20","date":1383438889,"price":"16.75","tid":12103,"type":"sell"},{"amount":"2","date":1383438890,"price":"16.75","tid":12105,"type":"sell"},{"amount":"310.679","date":1383438891,"price":"16.75","tid":12107,"type":"sell"},{"amount":"80","date":1383438891,"price":"16.79","tid":12109,"type":"sell"},{"amount":"102","date":1383438892,"price":"16.8","tid":12111,"type":"sell"},{"amount":"110.122","date":1383438892,"price":"16.8","tid":12113,"type":"sell"},{"amount":"50","date":1383438892,"price":"16.93","tid":12115,"type":"sell"},{"amount":"29.9","date":1383438892,"price":"16.94","tid":12117,"type":"sell"},{"amount":"100","date":1383438893,"price":"16.95","tid":12119,"type":"sell"}]