[{"amount":"35.984","date":1381908302,"price":"11.9","tid":1201,"type":"sell"},{"amount":"14.016","date":1381909709,"price":"11.9","tid":1203,"type":"sell"},{"amount":"50","date":1381909709,"price":"11.9","tid":1205,"type":"sell"},{"amount":"10","date":1381909724,"price":"11.84","tid":1207,"type":"buy"},{"amount":"100","date":1381909724,"price":"11.84","tid":1209,"type":"sell"},{"amount":"90","date":1381909724,"price":"11.83","tid":1211,"type":"buy"},{"amount":"10","date":1381909751,"price":"11.83","tid":1213,"type":"sell"},{"amount":"50.045","date":1381909784,"price":"11.81","tid":1215,"type":"buy"},{"amount":"50","date":1381909804,"price":"11.8","tid":1217,"type":"buy"},{"amount":"50","date":1381909804,"price":"11.8","tid":1219,"type":"sell"},{"amount":"15","date":1381909804,"price":"11.8","tid":1221,"type":"sell"},{"amount":"10","date":1381909804,"price":"11.8","tid":1223,"type":"sell"},{"amount":"50","date":1381910021,"price":"11.8","tid":1225,"type":"sell"},{"amount":"0.039","date":1381910205,"price":"11.8","tid":1227,"type":"sell"},{"amount":"99.961","date":1381910205,"price":"11.85","tid":1229,"type":"sell"},{"amount":"0.039","date":1381910231,"price":"11.85","tid":1231,"type":"sell"},{"amount":"10","date":1381911495,"price":"12.14","tid":1233,"type":"sell"},{"amount":"50","date":1381911723,"price":"12.14","tid":1235,"type":"sell"},{"amount":"103","date":1381911723,"price":"12.14","tid":1237,"type":"sell"},{"amount":"47","date":1381911945,"price":"12.14","tid":1239,"type":"sell"},{"amount":"39","date":1381911945,"price":"12.14","tid":1241,"type":"sell"},{"amount":"11","date":1381912058,"price":"12.14","tid":1243,"type":"sell"},{"amount":"29","date":1381912058,"price":"12.15","tid":1245,"type":"sell"},{"amount":"60","date":1381915501,"price":"12.14","tid":1247,"type":"buy"},{"amount":"100","date":1381915516,"price":"12.15","tid":1249,"type":"sell"},{"amount":"10.114","date":1381915767,"price":"12.2","tid":1251,"type":"sell"},{"amount":"39.886","date":1381915939,"price":"12.2","tid":1253,"type":"sell"},{"amount":"26","date":1381918336,"price":"12.05","tid":1255,"type":"buy"},{"amount":"3","date":1381920099,"price":"12.45","tid":1257,"type":"sell"},{"amount":"4","date":1381920130,"price":"12.45","tid":1259,"type":"sell"},{"amount":"0.01","date":1381924345,"price":"12.1","tid":1261,"type":"buy"},{"amount":"77.8","date":1381924345,"price":"12.1","tid":1263,"type":"sell"},{"amount":"60","date":1381924345,"price":"12.1","tid":1265,"type":"sell"},{"amount":"15.19","date":1381924345,"price":"12.08","tid":1267,"type":"buy"},{"amount":"59.81","date":1381925096,"price":"12.08","tid":1269,"type":"sell"},{"amount":"0.01","date":1381926395,"price":"12","tid":1271,"type":"buy"},{"amount":"6.9","date":1381927011,"price":"12","tid":1273,"type":"sell"},{"amount":"0.01","date":1381928381,"price":"11.9","tid":1275,"type":"buy"},{"amount":"142.99","date":1381928381,"price":"11.88","tid":1277,"type":"buy"},{"amount":"0.01","date":1381928389,"price":"11.88","tid":1279,"type":"sell"},{"amount":"105","date":1381928389,"price":"11.87","tid":1281,"type":"buy"},{"amount":"10.1","date":1381928403,"price":"11.86","tid":1283,"type":"buy"},{"amount":"40.2","date":1381928403,"price":"11.85","tid":1285,"type":"buy"},{"amount":"12.861","date":1381928414,"price":"11.8","tid":1287,"type":"buy"},{"amount":"40","date":1381929273,"price":"11.99","tid":1289,"type":"sell"},{"amount":"193","date":1381929273,"price":"12","tid":1291,"type":"sell"},{"amount":"40","date":1381929304,"price":"12","tid":1293,"type":"sell"},{"amount":"0.09","date":1381929345,"price":"12","tid":1295,"type":"sell"},{"amount":"118.91","date":1381929345,"price":"12.14","tid":1297,"type":"sell"},{"amount":"80","date":1381936215,"price":"12.1","tid":1299,"type":"buy"},{"amount":"0.01","date":1381937817,"price":"12.1","tid":1301,"type":"sell"},{"amount":"0.01","date":1381937823,"price":"12.1","tid":1303,"type":"sell"},{"amount":"0.01","date":1381937829,"price":"12.1","tid":1305,"type":"sell"},{"amount":"0.01","date":1381937835,"price":"12.1","tid":1307,"type":"sell"},{"amount":"0.01","date":1381938327,"price":"12.1","tid":1309,"type":"sell"},{"amount":"0.01","date":1381938332,"price":"12.1","tid":1311,"type":"sell"},{"amount":"0.01","date":1381938476,"price":"12.1","tid":1313,"type":"sell"},{"amount":"0.01","date":1381938481,"price":"12.1","tid":1315,"type":"sell"},{"amount":"0.01","date":1381938487,"price":"12.1","tid":1317,"type":"sell"},{"amount":"0.01","date":1381938493,"price":"12.1","tid":1319,"type":"sell"}]