[{"amount":0.965,"date":"2013-11-14T15:37:17.000Z","price":27.07,"tid":100001,"type":"sell"},{"amount":0.968,"date":"2013-11-14T15:37:23.000Z","price":27.07,"tid":100003,"type":"sell"},{"amount":0.968,"date":"2013-11-14T15:37:28.000Z","price":27.07,"tid":100005,"type":"sell"},{"amount":0.968,"date":"2013-11-14T15:37:33.000Z","price":27.07,"tid":100007,"type":"sell"},{"amount":0.968,"date":"2013-11-14T15:37:40.000Z","price":27.07,"tid":100009,"type":"sell"},{"amount":0.968,"date":"2013-11-14T15:37:46.000Z","price":27.07,"tid":100011,"type":"sell"},{"amount":0.968,"date":"2013-11-14T15:37:52.000Z","price":27.07,"tid":100013,"type":"sell"},{"amount":0.968,"date":"2013-11-14T15:37:58.000Z","price":27.07,"tid":100015,"type":"sell"},{"amount":0.968,"date":"2013-11-14T15:38:03.000Z","price":27.07,"tid":100017,"type":"sell"},{"amount":0.968,"date":"2013-11-14T15:38:10.000Z","price":27.07,"tid":100019,"type":"sell"},{"amount":0.968,"date":"2013-11-14T15:38:15.000Z","price":27.07,"tid":100021,"type":"sell"},{"amount":30.526,"date":"2013-11-14T15:38:18.000Z","price":27.07,"tid":100023,"type":"sell"},{"amount":0.968,"date":"2013-11-14T15:38:22.000Z","price":27.08,"tid":100025,"type":"sell"},{"amount":0.968,"date":"2013-11-14T15:38:27.000Z","price":27.08,"tid":100027,"type":"sell"},{"amount":0.968,"date":"2013-11-14T15:38:33.000Z","price":27.08,"tid":100029,"type":"sell"},{"amount":0.967,"date":"2013-11-14T15:38:38.000Z","price":27.08,"tid":100031,"type":"sell"},{"amount":9.894,"date":"2013-11-14T15:38:41.000Z","price":27.08,"tid":100033,"type":"sell"},{"amount":0.967,"date":"2013-11-14T15:38:44.000Z","price":27.08,"tid":100035,"type":"sell"},{"amount":17.621,"date":"2013-11-14T15:38:45.000Z","price":27.08,"tid":100037,"type":"sell"},{"amount":0.968,"date":"2013-11-14T15:38:50.000Z","price":27.08,"tid":100039,"type":"sell"},{"amount":0.968,"date":"2013-11-14T15:38:55.000Z","price":27.08,"tid":100041,"type":"sell"},{"amount":0.968,"date":"2013-11-14T15:39:00.000Z","price":27.08,"tid":100043,"type":"sell"},{"amount":459.57,"date":"2013-11-14T15:39:03.000Z","price":27.08,"tid":100045,"type":"sell"},{"amount":0.968,"date":"2013-11-14T15:39:07.000Z","price":27.08,"tid":100047,"type":"sell"},{"amount":0.968,"date":"2013-11-14T15:39:12.000Z","price":27.08,"tid":100049,"type":"sell"},{"amount":0.968,"date":"2013-11-14T15:39:17.000Z","price":27.08,"tid":100051,"type":"sell"},{"amount":0.968,"date":"2013-11-14T15:39:23.000Z","price":27.08,"tid":100053,"type":"sell"},{"amount":0.968,"date":"2013-11-14T15:39:29.000Z","price":27.08,"tid":100055,"type":"sell"},{"amount":0.968,"date":"2013-11-14T15:39:35.000Z","price":27.08,"tid":100057,"type":"sell"},{"amount":0.967,"date":"2013-11-14T15:39:40.000Z","price":27.08,"tid":100059,"type":"sell"},{"amount":0.968,"date":"2013-11-14T15:39:46.000Z","price":27.08,"tid":100061,"type":"sell"},{"amount":0.967,"date":"2013-11-14T15:39:53.000Z","price":27.08,"tid":100063,"type":"sell"},{"amount":6.724,"date":"2013-11-14T15:39:56.000Z","price":27.08,"tid":100065,"type":"sell"},{"amount":0.967,"date":"2013-11-14T15:39:59.000Z","price":27.08,"tid":100067,"type":"sell"},{"amount":0.967,"date":"2013-11-14T15:40:06.000Z","price":27.08,"tid":100069,"type":"sell"},{"amount":0.967,"date":"2013-11-14T15:40:12.000Z","price":27.08,"tid":100071,"type":"sell"},{"amount":4.476,"date":"2013-11-14T15:40:14.000Z","price":27.08,"tid":100073,"type":"sell"},{"amount":0.968,"date":"2013-11-14T15:40:19.000Z","price":27.08,"tid":100075,"type":"sell"},{"amount":0.966,"date":"2013-11-14T15:40:24.000Z","price":27.08,"tid":100077,"type":"sell"},{"amount":0.966,"date":"2013-11-14T15:40:30.000Z","price":27.08,"tid":100079,"type":"sell"},{"amount":0.968,"date":"2013-11-14T15:40:37.000Z","price":27.08,"tid":100081,"type":"sell"},{"amount":0.966,"date":"2013-11-14T15:40:42.000Z","price":27.08,"tid":100083,"type":"sell"},{"amount":2.352,"date":"2013-11-14T15:40:48.000Z","price":27.08,"tid":100085,"type":"sell"},{"amount":0.966,"date":"2013-11-14T15:40:49.000Z","price":27.08,"tid":100087,"type":"sell"},{"amount":0.968,"date":"2013-11-14T15:40:55.000Z","price":27.08,"tid":100089,"type":"sell"},{"amount":0.966,"date":"2013-11-14T15:41:01.000Z","price":27.08,"tid":100091,"type":"sell"},{"amount":17,"date":"2013-11-14T15:41:06.000Z","price":27,"tid":100093,"type":"buy"},{"amount":0.968,"date":"2013-11-14T15:41:07.000Z","price":27.08,"tid":100095,"type":"sell"},{"amount":0.964,"date":"2013-11-14T15:41:13.000Z","price":27.08,"tid":100097,"type":"sell"},{"amount":42.623,"date":"2013-11-14T15:41:17.000Z","price":27.08,"tid":100099,"type":"sell"},{"amount":0.964,"date":"2013-11-14T15:41:19.000Z","price":27.08,"tid":100101,"type":"sell"},{"amount":0.964,"date":"2013-11-14T15:41:25.000Z","price":27.08,"tid":100103,"type":"sell"},{"amount":0.964,"date":"2013-11-14T15:41:31.000Z","price":27.08,"tid":100105,"type":"sell"},{"amount":6.365,"date":"2013-11-14T15:41:34.000Z","price":27.08,"tid":100107,"type":"sell"},{"amount":0.964,"date":"2013-11-14T15:41:37.000Z","price":27.08,"tid":100109,"type":"sell"},{"amount":0.964,"date":"2013-11-14T15:41:44.000Z","price":27.08,"tid":100111,"type":"sell"},{"amount":0.964,"date":"2013-11-14T15:41:50.000Z","price":27.08,"tid":100113,"type":"sell"},{"amount":36.829,"date":"2013-11-14T15:41:51.000Z","price":27.08,"tid":100115,"type":"sell"},{"amount":0.968,"date":"2013-11-14T15:41:55.000Z","price":27.08,"tid":100117,"type":"sell"},{"amount":38,"date":"2013-11-14T15:42:40.000Z","price":27.01,"tid":100119,"type":"buy"},{"amount":12,"date":"2013-11-14T15:43:17.000Z","price":27.01,"tid":100121,"type":"sell"},{"amount":5.588,"date":"2013-11-14T15:43:23.000Z","price":27.08,"tid":100123,"type":"sell"},{"amount":36,"date":"2013-11-14T15:44:55.000Z","price":27.08,"tid":100125,"type":"sell"},{"amount":1,"date":"2013-11-14T15:45:39.000Z","price":27.01,"tid":100127,"type":"buy"},{"amount":200,"date":"2013-11-14T15:45:39.000Z","price":26.99,"tid":100129,"type":"buy"},{"amount":2.835,"date":"2013-11-14T15:45:48.000Z","price":26.99,"tid":100131,"type":"sell"},{"amount":43.648,"date":"2013-11-14T15:46:05.000Z","price":26.99,"tid":100133,"type":"sell"},{"amount":53.295,"date":"2013-11-14T15:46:23.000Z","price":26.99,"tid":100135,"type":"sell"},{"amount":18.302,"date":"2013-11-14T15:46:25.000Z","price":26.99,"tid":100137,"type":"sell"},{"amount":0.193,"date":"2013-11-14T15:46:32.000Z","price":27.08,"tid":100139,"type":"sell"},{"amount":0.193,"date":"2013-11-14T15:46:38.000Z","price":27.08,"tid":100141,"type":"sell"},{"amount":17,"date":"2013-11-14T15:46:42.000Z","price":26.98,"tid":100143,"type":"buy"},{"amount":0.193,"date":"2013-11-14T15:46:43.000Z","price":27.08,"tid":100145,"type":"sell"},{"amount":18.31,"date":"2013-11-14T15:47:13.000Z","price":26.98,"tid":100147,"type":"buy"},{"amount":0.385,"date":"2013-11-14T15:47:56.000Z","price":27.06,"tid":100149,"type":"sell"},{"amount":115,"date":"2013-11-14T15:48:31.000Z","price":27.06,"tid":100151,"type":"sell"},{"amount":36.954,"date":"2013-11-14T15:51:56.000Z","price":27.04,"tid":100153,"type":"buy"},{"amount":0.563,"date":"2013-11-14T15:52:39.000Z","price":27.04,"tid":100155,"type":"sell"},{"amount":106.46,"date":"2013-11-14T15:52:39.000Z","price":27.05,"tid":100157,"type":"sell"},{"amount":50.778,"date":"2013-11-14T15:53:07.000Z","price":27.05,"tid":100159,"type":"sell"},{"amount":99.222,"date":"2013-11-14T15:53:07.000Z","price":27.06,"tid":100161,"type":"sell"},{"amount":18.491,"date":"2013-11-14T15:53:39.000Z","price":27.04,"tid":100163,"type":"buy"},{"amount":1.204,"date":"2013-11-14T15:53:39.000Z","price":27,"tid":100165,"type":"buy"},{"amount":35.643,"date":"2013-11-14T15:53:39.000Z","price":27,"tid":100167,"type":"sell"},{"amount":17.196,"date":"2013-11-14T15:53:50.000Z","price":27.06,"tid":100169,"type":"sell"},{"amount":0.96,"date":"2013-11-14T15:54:05.000Z","price":27.06,"tid":100171,"type":"sell"},{"amount":2.604,"date":"2013-11-14T15:54:17.000Z","price":27.06,"tid":100173,"type":"sell"},{"amount":100,"date":"2013-11-14T15:54:21.000Z","price":27.06,"tid":100175,"type":"sell"},{"amount":0.1,"date":"2013-11-14T15:54:39.000Z","price":27.06,"tid":100177,"type":"sell"},{"amount":2,"date":"2013-11-14T15:55:12.000Z","price":27.06,"tid":100179,"type":"sell"},{"amount":73.992,"date":"2013-11-14T15:57:13.000Z","price":27.03,"tid":100181,"type":"buy"},{"amount":1.742,"date":"2013-11-14T15:57:30.000Z","price":27.03,"tid":100183,"type":"sell"},{"amount":7.266,"date":"2013-11-14T15:57:48.000Z","price":27.03,"tid":100185,"type":"sell"},{"amount":17.89,"date":"2013-11-14T15:57:53.000Z","price":27,"tid":100187,"type":"buy"},{"amount":64.69,"date":"2013-11-14T15:57:53.000Z","price":26.98,"tid":100189,"type":"buy"},{"amount":37.713,"date":"2013-11-14T15:57:53.000Z","price":26.98,"tid":100191,"type":"sell"},{"amount":0.49,"date":"2013-11-14T15:57:53.000Z","price":26.98,"tid":100193,"type":"sell"},{"amount":59.217,"date":"2013-11-14T15:58:05.000Z","price":26.98,"tid":100195,"type":"sell"},{"amount":30,"date":"2013-11-14T16:04:02.000Z","price":27,"tid":100197,"type":"sell"},{"amount":1.83,"date":"2013-11-14T16:04:09.000Z","price":27,"tid":100199,"type":"sell"}]